@online{web:data_sold_darknet,
    title = {How can data be sold dark web?},
    year = {2022},
    author = {Katie Rees},
    urldate = {2022-11-07},
    url = {https://www.makeuseof.com/how-can-data-be-sold-dark-web/}
}

@online{web:personal_info_darkweb,
    title = {Is your information being sold on dark web},
    year = {2019},
    author = {Niles Nerd},
    urldate = {2022-10-23},
    url = {https://www.nerdsonsite.com/blog/is-your-information-being-sold-on-dark-web/}
}